@article{fisher1925theory,
author = {Fisher, R A},
title = {{Theory of statistical estimation}},
journal = {Mathematical Proceedings of the Cambridge Philosophical Society},
year = {1925},
volume = {22},
number = {5}
}

@article{metropolis1949monte,
  author =        {Metropolis, Nicholas and Ulam, Stanislaw},
  journal =       {Journal of the American statistical association},
  number =        {247},
  pages =         {335--341},
  title =         {The {M}onte {C}arlo method},
  volume =        {44},
  year =          {1949},
}

@article{metropolis1953equation,
  title={Equation of state calculations by fast computing machines},
  author={Metropolis, Nicholas and Rosenbluth, Arianna W and Rosenbluth, Marshall N and Teller, Augusta H and Teller, Edward},
  journal={The journal of chemical physics},
  volume={21},
  number={6},
  pages={1087--1092},
  year={1953},
  publisher={AIP Publishing}
}

@article{hastings1970monte,
  title={{M}onte {C}arlo sampling methods using {M}arkov chains and their applications},
  author={Hastings, W Keith},
  journal={Biometrika},
  volume={57},
  number={1},
  pages={97--109},
  year={1970},
  publisher={Biometrika Trust}
}

@techreport{neal1990learning,
author = {Neal, Radford M},
title = {{Learning Stochastic Feedforward Networks}},
year = {1990}
}

@article{antoniak1974mixtures,
  title={Mixtures of Dirichlet processes with applications to Bayesian nonparametric problems},
  author={Antoniak, Charles E},
  journal={The Annals of Statistics},
  pages={1152--1174},
  year={1974},
}

@article{box1976science,
  title={Science and statistics},
  author={Box, George EP},
  journal={Journal of the American Statistical Association},
  volume={71},
  number={356},
  pages={791--799},
  year={1976},
}

@article{dempster1977maximum,
  title={Maximum likelihood from incomplete data via the EM algorithm},
  author={Dempster, Arthur P and Laird, Nan M and Rubin, Donald B},
  journal={Journal of the royal statistical society. Series B (methodological)},
  pages={1--38},
  year={1977},
}

@article{box1980sampling,
  title={Sampling and {B}ayes' inference in scientific modelling and robustness},
  author={Box, George EP},
  journal={Journal of the Royal Statistical Society. Series A (General)},
  pages={383--430},
  year={1980},
}

@techreport{box1982apology,
  title={An Apology for Ecumenism in Statistics.},
  author={Box, George EP},
  year={1982},
  institution={DTIC Document}
}

@article{geman1984stochastic,
  title={Stochastic relaxation, Gibbs distributions, and the Bayesian restoration of images},
  author={Geman, Stuart and Geman, Donald},
  journal={IEEE Transactions on pattern analysis and machine intelligence},
  number={6},
  pages={721--741},
  year={1984},
  publisher={IEEE}
}

@article{rubin1984bayesianly,
  title={Bayesianly justifiable and relevant frequency calculations for the applied statistician},
  author={Rubin, Donald B},
  journal={The Annals of Statistics},
  volume={12},
  number={4},
  pages={1151--1172},
  year={1984},
  publisher={Institute of Mathematical Statistics}
}

@article{laplace1986memoir,
  title={Memoir on the probability of the causes of events},
  author={Laplace, Pierre Simon},
  journal={Statistical Science},
  volume={1},
  number={3},
  pages={364--378},
  year={1986},
}

@article{white1986structure,
  title={The structure of the nervous system of the nematode Caenorhabditis elegans},
  author={White, John G and Southgate, Eileen and Thomson, J Nichol and Brenner, Sydney},
  journal={Philos Trans R Soc Lond B Biol Sci},
  volume={314},
  number={1165},
  pages={1--340},
  year={1986},
  publisher={Citeseer}
}

@article{denker1987large,
author = {Denker, J and Schwartz, D and Wittner, B and Solla, S},
title = {{Large automatic learning, rule extraction, and generalization}},
journal = {Complex Systems},
year = {1987}
}

@article{duane1987hybrid,
  title={Hybrid {M}onte {C}arlo},
  author={Duane, Simon and Kennedy, Anthony D and Pendleton, Brian J and Roweth, Duncan},
  journal={Physics letters B},
  volume={195},
  number={2},
  pages={216--222},
  year={1987},
}

@book{rumelhart1988parallel,
  title={Parallel distributed processing},
  author={Rumelhart, David E and McClelland, James L and PDP Research Group},
  volume={1},
  year={1988},
  publisher={IEEE}
}

@article{gelfand1990sampling,
  title={Sampling-based approaches to calculating marginal densities},
  author={Gelfand, Alan E and Smith, Adrian FM},
  journal={Journal of the American statistical association},
  volume={85},
  number={410},
  pages={398--409},
  year={1990},
}

@article{oh1992adaptive,
  title={Adaptive importance sampling in {M}onte {C}arlo integration},
  author={Oh, Man-Suk and Berger, James O},
  journal={Journal of Statistical Computation and Simulation},
  volume={41},
  number={3-4},
  pages={143--168},
  year={1992},
}

@inproceedings{hinton1993keeping,
  author = {Hinton, Geoffrey E and van Camp, Drew},
  title = {{Keeping the neural networks simple by minimizing the description length of the weights}},
  booktitle = {Conference on Learning Theory},
  year = {1993},
  publisher = {ACM}
}

@inproceedings{neal1993new,
  author = {Radford M. Neal and Geoffrey E. Hinton},
  title = {A New View of the {EM} Algorithm that Justifies Incremental and Other Variants},
  booktitle = {Learning in Graphical Models},
  year = {1993},
  pages = {355--368},
}

@article{bishop1994mixture,
  title={Mixture density networks},
  author={Bishop, Christopher M},
  year={1994},
  publisher={Aston University}
}

@article{meng1994posterior,
  title={Posterior predictive $p$-values},
  author={Meng, Xiao-Li},
  journal={The Annals of Statistics},
  pages={1142--1160},
  year={1994},
}

@article{winkler1994evaluating,
  title={Evaluating probabilities: Asymmetric scoring rules},
  author={Winkler, Robert L},
  journal={Management Science},
  volume={40},
  number={11},
  pages={1395--1405},
  year={1994},
}

@article{dayan1995helmholtz,
  title={The {H}elmholtz machine},
  author={Dayan, Peter and Hinton, Geoffrey E and Neal, Radford M and Zemel, Richard S},
  journal={Neural computation},
  volume={7},
  number={5},
  pages={889--904},
  year={1995},
  publisher={MIT Press}
}

@article{hinton1995wake,
author = {Hinton, G E and Dayan, P and Frey, B J and Neal, R M},
title = {{The "wake-sleep" algorithm for unsupervised neural networks}},
journal = {Science},
year = {1995}
}

@article{gelman1996posterior,
  title={Posterior predictive assessment of model fitness via realized discrepancies},
  author={Gelman, Andrew and Meng, Xiao-Li and Stern, Hal},
  journal={Statistica sinica},
  pages={733--760},
  year={1996},
}

@article{waterhouse1996bayesian,
  Author = {Waterhouse, Steve and MacKay, David and Robinson, Tony},
  Journal = {Advances in neural information processing systems},
  Pages = {351--357},
  Title = {Bayesian methods for mixtures of experts},
  Year = {1996}}

@inproceedings{binder1997space,
  title={Space-efficient inference in dynamic probabilistic networks},
  author={Binder, John and Murphy, Kevin and Russell, Stuart},
  booktitle={International Joint Conference on Artificial Intelligence},
  year={1997},
}

@article{lecun1998gradient,
  title={Gradient-based learning applied to document recognition},
  author={LeCun, Yann and Bottou, L{\'e}on and Bengio, Yoshua and Haffner, Patrick},
  journal={Proceedings of the IEEE},
  volume={86},
  number={11},
  pages={2278--2324},
  year={1998},
  publisher={IEEE}
}

@inproceedings{schachter1998bayes,
  title={Bayes-Ball: The Rational Pastime (for Determining Irrelevance and Requisite Information in Belief Networks and Influence Diagrams)},
  author={Schachter, Ross D},
  booktitle={Proceedings of the Fourteenth Conference in Uncertainty in Artificial Intelligence},
  pages={480--487},
  year={1998}
}

@article{watts1998collective,
  title={Collective dynamics of ‘small-world’networks},
  author={Watts, Duncan J and Strogatz, Steven H},
  journal={nature},
  volume={393},
  number={6684},
  pages={440--442},
  year={1998},
  publisher={Nature Publishing Group}
}

@article{jordan1999introduction,
  Author = {Jordan, Michael I and Ghahramani, Zoubin and Jaakkola, Tommi S and Saul, Lawrence K},
  Journal = {Machine Learning},
  Number = {2},
  Pages = {183--233},
  Title = {An introduction to variational methods for graphical models},
  Volume = {37},
  Year = {1999}}

@book{robert1999monte,
  author = {Robert, Christian P and Casella, George},
  publisher = {Springer},
  title = {Monte Carlo Statistical Methods},
  year = {1999}
}

@article{tipping1999probabilistic,
  title={Probabilistic principal component analysis},
  author={Tipping, Michael E and Bishop, Christopher M},
  journal={Journal of the Royal Statistical Society: Series B (Statistical Methodology)},
  volume={61},
  number={3},
  pages={611--622},
  year={1999},
}

@article{doucet2000on,
  author = {Doucet, Arnaud and Godsill, Simon and Andrieu, Christophe},
  title = {{On sequential Monte Carlo sampling methods for Bayesian filtering}},
  journal = {Statistics and Computing},
  year = {2000},
  volume = {10},
  number = {3},
  pages = {197--208}
}

@incollection{doucet2001introduction,
  title={{An introduction to sequential Monte Carlo methods}},
  author={Doucet, Arnaud and De Freitas, Nando and Gordon, Neil},
  booktitle={Sequential Monte Carlo methods in practice},
  pages={3--14},
  year={2001},
  publisher={Springer}
}

@inproceedings{minka2001expectation,
  title={Expectation propagation for approximate {B}ayesian inference},
  author={Minka, Thomas P.},
  booktitle={Uncertainty in Artificial Intelligence},
  year={2001},
}

@book{casella2002statistical,
  title={Statistical inference},
  author={Casella, George and Berger, Roger L},
  volume={2},
  year={2002},
  publisher={Duxbury Pacific Grove, CA}
}

@article{hinton2002training,
  title={Training products of experts by minimizing contrastive divergence},
  author={Hinton, Geoffrey E.},
  journal={Neural Computation},
  volume={14},
  number={8},
  pages={1771--1800},
  year={2002},
  publisher={MIT Press}
}

@article{hoff2002latent,
  title={Latent space approaches to social network analysis},
  author={Hoff, Peter D and Raftery, Adrian E and Handcock, Mark S},
  journal={Journal of the american Statistical association},
  volume={97},
  number={460},
  pages={1090--1098},
  year={2002},
}

@article{blei2003latent,
author = {Blei, David M and Ng, Andrew Y and Jordan, Michael I},
title = {{Latent Dirichlet Allocation}},
journal = {Journal of Machine Learning Research},
year = {2003},
volume = {3},
pages = {993--1022}
}

@book{bishop2006pattern,
  Author = {Bishop, Christopher M},
  Publisher = {Springer New York},
  Title = {Pattern Recognition and Machine Learning},
  Year = {2006}}

@book{gelman2006data,
author = {Gelman, Andrew and Hill, Jennifer L},
title = {{Data analysis using regression and multilevel/hierarchical models}},
publisher = {Cambridge University Press},
year = {2006}
}

@book{rasmussen2006gaussian,
  Author = {Rasmussen, Carl Edward and Williams, Christopher},
  Publisher = {MIT Press},
  Title = {Gaussian Processes for Machine Learning},
  Year = {2006}}

@article{gneiting2007strictly,
  Author = {Gneiting, Tilmann and Raftery, Adrian E},
  Journal = {Journal of the American Statistical Association},
  Number = {477},
  Pages = {359--378},
  Title = {Strictly proper scoring rules, prediction, and estimation},
  Volume = {102},
  Year = {2007}}

@article{andrieu2009pseudo,
  title={The pseudo-marginal approach for efficient {M}onte {C}arlo computations},
  author={Andrieu, Christophe and Roberts, Gareth O},
  journal={The Annals of Statistics},
  pages={697--725},
  year={2009},
}

@book{koller2009probabilistic,
  title={Probabilistic graphical models: principles and techniques},
  author={Koller, Daphne and Friedman, Nir},
  year={2009},
  publisher={MIT press}
}

@article{rue2009approximate,
  title={Approximate Bayesian inference for latent Gaussian models by using integrated nested Laplace approximations},
  author={Rue, H{\aa}vard and Martino, Sara and Chopin, Nicolas},
  journal={Journal of the royal statistical society: Series b (statistical methodology)},
  volume={71},
  number={2},
  pages={319--392},
  year={2009},
}

@article{goldenberg2010survey,
author = {Goldenberg, Anna and Zheng, Alice X and Fienberg, Stephen E and Airoldi, Edoardo M},
title = {{A survey of statistical network models}},
journal = {Foundations and Trends in Machine Learning},
year = {2010}
}

@book{hjort2010bayesian,
  title={Bayesian nonparametrics},
  author={Hjort, Nils Lid and Holmes, Chris and M{\"u}ller, Peter and Walker, Stephen G},
  volume={28},
  year={2010},
  publisher={Cambridge University Press}
}

@inproceedings{gutmann2010noise,
author = {Gutmann, M and Hyv{\"a}rinen, A},
title = {{Noise-contrastive estimation: A new estimation principle for unnormalized statistical models}},
booktitle = {Artificial Intelligence and Statistics},
year = {2010}
}

@book{newman2010networks,
  title={Networks: An Introduction},
  author={Newman, Mark},
  year={2010},
  publisher={Oxford University Press}
}

@inproceedings{salakhutdinov2010efficient,
  title={Efficient Learning of Deep Boltzmann Machines},
  author={Salakhutdinov, Ruslan and Larochelle, Hugo},
  booktitle={International Conference on Artificial Intelligence and Statistics},
  year={2010}
}

@article{neal2011mcmc,
author = {Neal, Radford M},
title = {{MCMC using Hamiltonian dynamics}},
journal = {Handbook of Markov Chain Monte Carlo},
year = {2011}
}

@inproceedings{salakhutdinov2011probabilistic,
author = {Salakhutdinov, R and Mnih, A},
title = {{Probabilistic matrix factorization}},
booktitle = {Neural Information Processing Systems},
year = {2011}
}

@inproceedings{welling2011bayesian,
author = {Welling, Max and Teh, Yee Whye},
title = {{Bayesian learning via stochastic gradient Langevin dynamics}},
booktitle = {International Conference on Machine Learning},
year = {2011}
}

@inproceedings{goodman2012church,
author = {Goodman, Noah and Mansinghka, Vikash and Roy, Daniel M and Bonawitz, Keith and Tenenbaum, Joshua B},
title = {{Church: a language for generative models}},
booktitle = {Uncertainty in Artificial Intelligence},
year = {2012},
month = jun
}

@article{gretton2012kernel,
author = {Gretton, Arthur and Borgwardt, Karsten M and Rasch, Malte J and Sch{\"o}lkopf, Bernhard and Smola, Alexander},
title = {{A kernel two-sample test}},
journal = {The Journal of Machine Learning Research},
year = {2012},
volume = {13},
pages = {723--773}
}

@book{neal2012bayesian,
  title={Bayesian learning for neural networks},
  author={Neal, Radford M},
  volume={118},
  year={2012},
  publisher={Springer Science \& Business Media}
}

@article{marin2012approximate,
author = {Marin, Jean-Michel and Pudlo, Pierre and Robert, Christian P and Ryder, Robin J},
title = {{Approximate Bayesian computational methods}},
journal = {Statistics and Computing},
year = {2012},
volume = {22},
number = {6},
pages = {1167--1180}
}

@book{murphy2012machine,
  Author = {Murphy, Kevin P},
  Publisher = {MIT Press},
  Title = {Machine Learning: a Probabilistic Perspective},
  Year = {2012}}

@inproceedings{paisley2012variational,
  Author = {Paisley, J and Blei, David M and Jordan, Michael I},
  Title = {Variational Bayesian Inference with Stochastic Search},
  Booktitle = {International Conference on Machine Learning},
  Year = {2012}
}

@article{sugiyama2012density,
author = {Sugiyama, M and Suzuki, T and Kanamori, T},
title = {{Density-ratio matching under the Bregman divergence: a unified framework of density-ratio estimation}},
journal = {Annals of the Institute of Statistical {\ldots}},
year = {2012}
}

@inproceedings{wang2012truncation,
  title={Truncation-free online variational inference for Bayesian nonparametric models},
  author={Wang, Chong and Blei, David M},
  booktitle={Neural Information Processing Systems},
  year={2012}
}

@inproceedings{broderick2013streaming,
  author = {Broderick, Tamara and Boyd, Nicholas and Wibisono, Andre and Wilson, Ashia C and Jordan, Michael I},
  title = {Streaming Variational {B}ayes},
  booktitle = {Neural Information Processing Systems},
  year = {2013},
}

@article{gelman2013philosophy,
  title={Philosophy and the practice of Bayesian statistics},
  author={Gelman, Andrew and Shalizi, Cosma Rohilla},
  journal={British Journal of Mathematical and Statistical Psychology},
  volume={66},
  number={1},
  pages={8--38},
  year={2013},
}

@article{hoffman2013stochastic,
  Author = {Hoffman, Matthew D and Blei, David M and Wang, Chong and Paisley, John},
  Journal = {The Journal of Machine Learning Research},
  Number = {1},
  Pages = {1303--1347},
  Title = {Stochastic variational inference},
  Volume = {14},
  Year = {2013}}

@inproceedings{stuhlmuller2013learning,
  title={Learning stochastic inverses},
  author={Stuhlm{\"u}ller, Andreas and Taylor, Jacob and Goodman, Noah},
  booktitle={Neural Information Processing Systems},
  year={2013}
}

@article{wang2013variational,
  title={Variational inference in nonconjugate models},
  author={Wang, Chong and Blei, David M},
  journal={Journal of Machine Learning Research},
  volume={14},
  pages={1005--1031},
  year={2013}
}

@article{blei2014build,
  Author = {Blei, David M},
  Journal = {Annual Review of Statistics and Its Application},
  Pages = {203--232},
  Title = {Build, compute, critique, repeat: Data analysis with latent variable models},
  Volume = {1},
  Year = {2014}}

@inproceedings{chen2014stochastic,
author = {Chen, Tianqi and Fox, Emily B and Guestrin, Carlos},
title = {Stochastic Gradient {H}amiltonian {M}onte {C}arlo},
booktitle = {International Conference on Machine Learning},
year = {2014}
}

@inproceedings{foti2014stochastic,
  title={Stochastic variational inference for hidden {M}arkov models},
  author={Foti, Nicholas and Xu, Jason and Laird, Dillon and Fox, Emily},
  booktitle={Neural Information Processing Systems},
  year={2014}
}

@inproceedings{goodfellow2014generative,
author = {Goodfellow, Ian and Pouget-Abadie, Jean and Mirza, M and Xu, Bing and Warde-Farley, David and Ozair, Sherjil and Courville, Aaron and Bengio, Yoshua},
title = {Generative adversarial nets},
booktitle = {Neural Information Processing Systems},
year = {2014}
}

@inproceedings{goodfellow2014on,
author = {Goodfellow, Ian J},
title = {{On distinguishability criteria for estimating generative models}},
booktitle = {ICLR Workshop},
year = {2014},
month = dec
}

@misc{goodman2014design,
  title = {The Design and Implementation of Probabilistic Programming Languages},
  author = {Goodman, Noah and Stuhlm\"{u}ller, Andreas},
  year = {2014},
  howpublished = {\url{http://dippl.org}},
}

@article{gutmann2014statistical,
author = {Gutmann, Michael U and Dutta, Ritabrata and Kaski, Samuel and Corander, Jukka},
title = {{Statistical Inference of Intractable Generative Models via Classification}},
journal = {arXiv preprint arXiv:1407.4981},
year = {2014},
}

@inproceedings{johnson2014stochastic,
  title={Stochastic Variational Inference for {B}ayesian Time Series Models},
  author={Johnson, Matthew and Willsky, Alan S},
  booktitle={International Conference on Machine Learning},
  year={2014}
}

@inproceedings{kingma2014auto,
  Author = {Kingma, Diederik and Welling, Max},
  Booktitle = {International Conference on Learning Representations},
  Title = {Auto-encoding variational {B}ayes},
  Year = {2014}
  }

@article{mansinghka2014venture,
author = {Mansinghka, Vikash and Selsam, D and Perov, Y},
title = {Venture: {A} higher-order probabilistic programming platform with programmable inference},
journal = {arXiv.org},
year = {2014},
eprint = {9564974291761649610related:ylcy4nCdvYQJ},
eprinttype = {scholar}
}

@inproceedings{ranganath2014black,
  Author = {Ranganath, Rajesh and Gerrish, Sean and Blei, David},
  Booktitle = {Artificial Intelligence and Statistics},
  Title = {Black Box Variational Inference},
  Year = {2014}}

@inproceedings{rezende2014stochastic,
  Author = {Rezende, Danilo J and Mohamed, Shakir and Wierstra, Daan},
  Booktitle = {ICML},
  Pages = {1278--1286},
  Title = {Stochastic backpropagation and approximate inference in deep generative models},
  Year = {2014}}

@inproceedings{wood2014new,
author = {Wood, Frank and van de Meent, Jan Willem and Mansinghka, Vikash},
title = {A New Approach to Probabilistic Programming Inference},
booktitle = {Artificial Intelligence and Statistics},
year = {2014},
}

@article{bates2015fitting,
author = {Bates, Douglas and M{\"a}chler, Martin and Bolker, Ben and Walker, Steve},
title = {{Fitting Linear Mixed-Effects Models Using lme4}},
journal = {Journal of Statistical Software},
year = {2015},
volume = {67},
number = {1},
pages = {1--48}
}

@inproceedings{mcinerney2015population,
  author = {McInerney, James and Ranganath, Rajesh and Blei, David M},
  title = {{The Population Posterior and Bayesian Inference on Streams}},
  booktitle = {Neural Information Processing Systems},
  year = {2015}
}

@article{carpenter2016stan,
author = {Carpenter, Bob and Gelman, Andrew and Hoffman, Matthew D and Lee, Daniel and Goodrich, Ben and Betancourt, Michael and Brubaker, Marcus and Guo, Jiqiang and Li, Peter and Riddell, Allen},
title = {Stan: {A} probabilistic programming language},
journal = {Journal of Statistical Software},
year = {2016}
}

@article{goodfellow2016nips,
author = {Goodfellow, Ian},
title = {{NIPS 2016 Tutorial: Generative Adversarial Networks}},
journal = {arXiv preprint arXiv:1701.00160},
year = {2016},
}

@article{johnson2016composing,
  author = {Johnson, Matthew J and Duvenaud, David and Wiltschko, Alexander B and Datta, Sandeep R and Adams, Ryan P},
  title = {{Composing graphical models with neural networks for structured representations and fast inference}},
  journal = {arXiv preprint arXiv:1603.06277},
  year = {2016},
}

@article{mohamed2016learning,
author = {Mohamed, Shakir and Lakshminarayanan, Balaji},
title = {{Learning in Implicit Generative Models}},
journal = {arXiv preprint arXiv:1610.03483},
year = {2016}
}

@inproceedings{rudolph2016exponential,
author = {Rudolph, Maja R and Ruiz, Francisco J R and Mandt, Stephan and Blei, David M},
title = {{Exponential Family Embeddings}},
booktitle = {Neural Information Processing Systems},
year = {2016}
}

@article{tran2016edward,
  author = {Dustin Tran and Alp Kucukelbir and Adji B. Dieng and Maja Rudolph and Dawen Liang and David M. Blei},
  title = {{Edward: A library for probabilistic modeling, inference, and criticism}},
  journal = {arXiv preprint arXiv:1610.09787},
  year = {2016}
}

@inproceedings{tran2016variational,
  author = {Tran, Dustin and Ranganath, Rajesh and Blei, David M.},
  title = {The Variational Gaussian Process},
  booktitle = {International Conference on Learning Representations},
  year = {2016}
}

@article{wu2016swift,
author = {Wu, Yi and Li, Lei and Russell, Stuart and Bodik, Rastislav},
title = {Swift: {C}ompiled Inference for Probabilistic Programming Languages},
journal = {arXiv preprint arXiv:1606.09242},
year = {2016},
}

@inproceedings{arjovsky2017wasserstein,
author = {Arjovsky, Martin and Chintala, Soumith and Bottou, Leon},
title = {{Wasserstein GAN}},
booktitle = {International Conference on Machine Learning},
year = {2017}
}

@inproceedings{donahue2017adversarial,
author = {Donahue, Jeff and Kr{\"a}henb{\"u}hl, Philipp and Darrell, Trevor},
title = {{Adversarial Feature Learning}},
booktitle = {International Conference on Learning Representations},
year = {2017}
}

@inproceedings{dumuolin2017adversarially,
author = {Dumoulin, Vincent and Belghazi, Ishmael and Ben Poole and Lamb, Alex and Arjovsky, Martin and Mastropietro, Olivier and Courville, Aaron},
title = {{Adversarially Learned Inference}},
booktitle = {International Conference on Learning Representations},
year = {2017}
}

@article{gelman2017expectation,
  author = {Gelman, Andrew and Vehtari, Aki and Jyl{\"a}nki, Pasi and Sivula, Tuomas and Tran, Dustin and Sahai, Swupnil and Blomstedt, Paul and Cunningham, John P and Schiminovich, David and Robert, Christian},
  title = {Expectation propagation as a way of life: A framework for {B}ayesian inference on partitioned data},
  journal = {arXiv preprint arXiv:1412.4869v2},
  year = {2017}
}

@article{gulrajani2017improved,
author = {Gulrajani, Ishaan and Ahmed, Faruk and Arjovsky, Martin and Dumoulin, Vincent and Courville, Aaron},
title = {{Improved Training of Wasserstein GANs}},
journal = {arXiv.org},
year = {2017},
eprint = {1704.00028v1},
eprinttype = {arxiv},
eprintclass = {cs.LG},
month = mar
}

@article{kucukelbir2017automatic,
author = {Kucukelbir, Alp and Tran, Dustin and Ranganath, Rajesh and Gelman, Andrew and Blei, David M},
title = {{Automatic Differentiation Variational Inference}},
journal = {Journal of Machine Learning Research},
year = {2017},
volume = {18},
pages = {1--45}
}

@inproceedings{tran2017deep,
  author = {Dustin Tran and Matthew D. Hoffman and Rif A. Saurous and Eugene Brevdo and Kevin Murphy and David M. Blei},
  title = {Deep probabilistic programming},
  booktitle = {International Conference on Learning Representations},
  year = {2017}
}

