@article{box1976science,
  title={Science and statistics},
  author={Box, George EP},
  journal={Journal of the American Statistical Association},
  volume={71},
  number={356},
  pages={791--799},
  year={1976},
  publisher={Taylor \& Francis}
}

@article{blei2014build,
  Author = {Blei, David M},
  Journal = {Annual Review of Statistics and Its Application},
  Pages = {203--232},
  Title = {Build, compute, critique, repeat: Data analysis with latent variable models},
  Volume = {1},
  Year = {2014}}

@book{murphy2012machine,
  Author = {Murphy, Kevin P},
  Publisher = {MIT Press},
  Title = {Machine Learning: a Probabilistic Perspective},
  Year = {2012}}

@book{bishop2006pattern,
  Author = {Bishop, Christopher M},
  Publisher = {Springer New York},
  Title = {Pattern Recognition and Machine Learning},
  Year = {2006}}

@book{rasmussen2006gaussian,
  Author = {Rasmussen, Carl Edward and Williams, Christopher},
  Publisher = {MIT Press},
  Title = {Gaussian Processes for Machine Learning},
  Year = {2006}}

@book{neal2012bayesian,
  title={Bayesian learning for neural networks},
  author={Neal, Radford M},
  volume={118},
  year={2012},
  publisher={Springer Science \& Business Media}
}

@article{dayan1995helmholtz,
  title={The helmholtz machine},
  author={Dayan, Peter and Hinton, Geoffrey E and Neal, Radford M and Zemel, Richard S},
  journal={Neural computation},
  volume={7},
  number={5},
  pages={889--904},
  year={1995},
  publisher={MIT Press}
}

@inproceedings{kingma2014auto,
  Author = {Kingma, Diederik and Welling, Max},
  Booktitle = {International Conference on Learning Representations},
  Title = {Auto-encoding variational {B}ayes},
  Year = {2014}
  }

@techreport{box1982apology,
  title={An Apology for Ecumenism in Statistics.},
  author={Box, George EP},
  year={1982},
  institution={DTIC Document}
}

@article{gelman2013philosophy,
  title={Philosophy and the practice of Bayesian statistics},
  author={Gelman, Andrew and Shalizi, Cosma Rohilla},
  journal={British Journal of Mathematical and Statistical Psychology},
  volume={66},
  number={1},
  pages={8--38},
  year={2013},
  publisher={Wiley Online Library}
}

@inproceedings{hinton1993keeping,
  Author = {Hinton, Geoffrey E and Van Camp, Drew},
  Booktitle = {Proceedings of the sixth annual conference on Computational learning theory},
  Organization = {ACM},
  Pages = {5--13},
  Title = {Keeping the neural networks simple by minimizing the description length of the weights},
  Year = {1993}}

@article{jordan1999introduction,
  Author = {Jordan, Michael I and Ghahramani, Zoubin and Jaakkola, Tommi S and Saul, Lawrence K},
  Journal = {Machine Learning},
  Number = {2},
  Pages = {183--233},
  Title = {An introduction to variational methods for graphical models},
  Volume = {37},
  Year = {1999}}

@article{waterhouse1996bayesian,
  Author = {Waterhouse, Steve and MacKay, David and Robinson, Tony},
  Journal = {Advances in neural information processing systems},
  Pages = {351--357},
  Title = {Bayesian methods for mixtures of experts},
  Year = {1996}}

@inproceedings{paisley2012variational,
  Author = {Paisley, J and Blei, David M and Jordan, Michael I},
  Booktitle = {International Conference on Machine Learning},
  Pages = {1367--1374},
  Title = {Variational Bayesian Inference with Stochastic Search},
  Year = {2012}}

@inproceedings{ranganath2014black,
  Author = {Ranganath, Rajesh and Gerrish, Sean and Blei, David},
  Booktitle = {Artificial Intelligence and Statistics},
  Title = {Black Box Variational Inference},
  Year = {2014}}

@inproceedings{rezende2014stochastic,
  Author = {Rezende, Danilo J and Mohamed, Shakir and Wierstra, Daan},
  Booktitle = {ICML},
  Pages = {1278--1286},
  Title = {Stochastic backpropagation and approximate inference in deep generative models},
  Year = {2014}}

@article{oh1992adaptive,
  title={Adaptive importance sampling in Monte Carlo integration},
  author={Oh, Man-Suk and Berger, James O},
  journal={Journal of Statistical Computation and Simulation},
  volume={41},
  number={3-4},
  pages={143--168},
  year={1992},
  publisher={Taylor \& Francis}
}

@article{laplace1986memoir,
  title={Memoir on the probability of the causes of events},
  author={Laplace, Pierre Simon},
  journal={Statistical Science},
  volume={1},
  number={3},
  pages={364--378},
  year={1986},
  publisher={JSTOR}
}

@inproceedings{salakhutdinov2010efficient,
  title={Efficient Learning of Deep Boltzmann Machines},
  author={Salakhutdinov, Ruslan and Larochelle, Hugo},
  booktitle={International Conference on Artificial Intelligence and Statistics},
  pages={693--700},
  year={2010}
}

@inproceedings{stuhlmuller2013learning,
  title={Learning stochastic inverses},
  author={Stuhlm{\"u}ller, Andreas and Taylor, Jacob and Goodman, Noah},
  booktitle={Advances in neural information processing systems},
  pages={3048--3056},
  year={2013}
}

@inproceedings{tran2016variational,
  author = {Tran, Dustin and Ranganath, Rajesh and Blei, David M.},
  title = {The Variational Gaussian Process},
  booktitle = {International Conference on Learning Representations},
  year = {2016}
}


@article{gneiting2007strictly,
  Author = {Gneiting, Tilmann and Raftery, Adrian E},
  Journal = {Journal of the American Statistical Association},
  Number = {477},
  Pages = {359--378},
  Title = {Strictly proper scoring rules, prediction, and estimation},
  Volume = {102},
  Year = {2007}}

@article{box1980sampling,
  title={Sampling and Bayes' inference in scientific modelling and robustness},
  author={Box, George EP},
  journal={Journal of the Royal Statistical Society. Series A (General)},
  pages={383--430},
  year={1980},
  publisher={JSTOR}
}

@article{rubin1984bayesianly,
  title={Bayesianly justifiable and relevant frequency calculations for the applied statistician},
  author={Rubin, Donald B},
  journal={The Annals of Statistics},
  volume={12},
  number={4},
  pages={1151--1172},
  year={1984},
  publisher={Institute of Mathematical Statistics}
}

@article{meng1994posterior,
  title={Posterior predictive p-values},
  author={Meng, Xiao-Li},
  journal={The Annals of Statistics},
  pages={1142--1160},
  year={1994},
  publisher={JSTOR}
}

@article{gelman1996posterior,
  title={Posterior predictive assessment of model fitness via realized discrepancies},
  author={Gelman, Andrew and Meng, Xiao-Li and Stern, Hal},
  journal={Statistica sinica},
  pages={733--760},
  year={1996},
  publisher={JSTOR}
}

@article{white1986structure,
  title={The structure of the nervous system of the nematode Caenorhabditis elegans},
  author={White, John G and Southgate, Eileen and Thomson, J Nichol and Brenner, Sydney},
  journal={Philos Trans R Soc Lond B Biol Sci},
  volume={314},
  number={1165},
  pages={1--340},
  year={1986},
  publisher={Citeseer}
}

@article{watts1998collective,
  title={Collective dynamics of ‘small-world’networks},
  author={Watts, Duncan J and Strogatz, Steven H},
  journal={nature},
  volume={393},
  number={6684},
  pages={440--442},
  year={1998},
  publisher={Nature Publishing Group}
}

@article{hoff2002latent,
  title={Latent space approaches to social network analysis},
  author={Hoff, Peter D and Raftery, Adrian E and Handcock, Mark S},
  journal={Journal of the american Statistical association},
  volume={97},
  number={460},
  pages={1090--1098},
  year={2002},
  publisher={Taylor \& Francis}
}

@article{bishop1994mixture,
  title={Mixture density networks},
  author={Bishop, Christopher M},
  year={1994},
  publisher={Aston University}
}
